<record><leader>00000cas a22000007a 4500</leader><controlfield tag="001">34771773</controlfield><controlfield tag="008">960522d1893190uokudn n       0    0eng d</controlfield><datafield ind1=" " ind2=" " tag="010"><subfield code="a">sn 96087793 </subfield></datafield><datafield ind1=" " ind2=" " tag="040"><subfield code="a">OBN</subfield><subfield code="b">eng</subfield><subfield code="c">OBN</subfield><subfield code="d">OCLCQ</subfield><subfield code="d">OCLCO</subfield></datafield><datafield ind1="1" ind2=" " tag="029"><subfield code="a">AU@</subfield><subfield code="b">000025922228</subfield></datafield><datafield ind1=" " ind2=" " tag="042"><subfield code="a">msc</subfield></datafield><datafield ind1=" " ind2=" " tag="043"><subfield code="a">n-us-ok</subfield></datafield><datafield ind1="0" ind2="4" tag="245"><subfield code="a">The Enid daily wave.</subfield></datafield><datafield ind1=" " ind2=" " tag="260"><subfield code="a">Enid, Oklahoma Territory [Okla.] :</subfield><subfield code="b">Wave Print. Co.</subfield></datafield><datafield ind1=" " ind2=" " tag="300"><subfield code="a">v.</subfield></datafield><datafield ind1=" " ind2=" " tag="310"><subfield code="a">Daily (except Sun.)</subfield></datafield><datafield ind1="0" ind2=" " tag="362"><subfield code="a">Vol. 1, no. 1 (Dec. 13, 1893)-</subfield></datafield><datafield ind1=" " ind2="0" tag="651"><subfield code="a">Enid (Okla.)</subfield><subfield code="v">Newspapers.</subfield></datafield><datafield ind1=" " ind2="0" tag="651"><subfield code="a">Garfield County (Okla.)</subfield><subfield code="v">Newspapers.</subfield></datafield><datafield ind1=" " ind2="0" tag="651"><subfield code="a">Oklahoma Territory (Okla.)</subfield><subfield code="v">Newspapers.</subfield></datafield><datafield ind1=" " ind2=" " tag="752"><subfield code="a">United States</subfield><subfield code="b">Oklahoma</subfield><subfield code="c">Garfield</subfield><subfield code="d">Enid.</subfield></datafield><datafield ind1="0" ind2=" " tag="775"><subfield code="t">Enid weekly wave</subfield><subfield code="w">(DLC)sn 96087829</subfield><subfield code="w">(OCoLC)34827508</subfield></datafield><datafield ind1="0" ind2="0" tag="785"><subfield code="t">Enid morning news (Enid, Okla. : 1910)</subfield><subfield code="w">(DLC)sn 96087794</subfield><subfield code="w">(OCoLC)34774418</subfield></datafield></record>